This file was created with JabRef 2.2.
Encoding: MacRoman

@article{chen2018quantum,
  title={Quantum algorithm for multivariate polynomial interpolation},
  author={Chen, Jianxin and Childs, Andrew M and Hung, Shih-Han},
  journal={Proceedings of the Royal Society A: Mathematical, Physical and Engineering Sciences},
  volume={474},
  number={2209},
  pages={20170480},
  year={2018},
  publisher={The Royal Society Publishing}
}

@book{macwilliamssloane,
  title={The theory of error-correcting codes},
  author={MacWilliams, Florence Jessie and Sloane, Neil James Alexander},
  volume={16},
  year={1977},
  publisher={Elsevier}
}

@misc{nielsenchuang,
  title={Quantum computation and quantum information},
  author={Nielsen, Michael A and Chuang, Isaac},
  year={2002},
  publisher={AAPT}
}

@article{grover1996fast,
  title={A fast quantum mechanical algorithm for database search},
  author={Grover, Lov K},
  journal={arXiv preprint quant-ph/9605043},
  year={1996}
}

@article{feynman1982simulating,
  title={Simulating physics with computers},
  author={Feynman, Richard P},
  journal={International journal of theoretical physics},
  volume={21},
  number={6},
  pages={467--488},
  year={1982},
  publisher={Springer}
}


@inproceedings{barg1998quantum,
  title={A quantum decoding algorithm of the simplex code},
  author={Barg, Alexander and Zhou, Shiyu},
  booktitle={PROCEEDINGS OF THE ANNUAL ALLERTON CONFERENCE ON COMMUNICATION CONTROL AND COMPUTING},
  volume={36},
  pages={359--365},
  year={1998},
  organization={UNIVERSITY OF ILLINOIS}
}

@article{angluin2004queries,
  title={Queries revisited},
  author={Angluin, Dana},
  journal={Theoretical Computer Science},
  volume={313},
  number={2},
  pages={175--194},
  year={2004},
  publisher={Elsevier}
}

@article{angluin1988queries,
  title={Queries and concept learning},
  author={Angluin, Dana},
  journal={Machine learning},
  volume={2},
  number={4},
  pages={319--342},
  year={1988},
  publisher={Springer}
}

@article{cross2015quantum,
  title={Quantum learning robust against noise},
  author={Cross, Andrew W and Smith, Graeme and Smolin, John A},
  journal={Physical Review A},
  volume={92},
  number={1},
  pages={012327},
  year={2015},
  publisher={APS}
}

@book{de2001quantum,
  title={Quantum computing and communication complexity},
  author={De Wolf, Ronald and others},
  year={2001},
  publisher={Citeseer}
}

@inproceedings{gortler2001quantum,
  title={Quantum versus classical learnability},
  author={Gortler, Stephen and Servedio, Rocco},
  booktitle={Proceedings of the 16th Annual Conference on Computational Complexity},
  pages={138--148},
  year={2001}
}

@inproceedings{van1998quantum,
  title={Quantum oracle interrogation: Getting all information for almost half the price},
  author={Van Dam, Wim},
  booktitle={Proceedings 39th Annual Symposium on Foundations of Computer Science (Cat. No. 98CB36280)},
  pages={362--367},
  year={1998},
  organization={IEEE}
}

@article{ambainis2017understanding,
  title={Understanding quantum algorithms via query complexity},
  author={Ambainis, Andris},
  journal={arXiv preprint arXiv:1712.06349},
  year={2017}
}

@article{atici2005improved,
  title={Improved bounds on quantum learning algorithms},
  author={Atici, Alp and Servedio, Rocco A},
  journal={Quantum Information Processing},
  volume={4},
  number={5},
  pages={355--386},
  year={2005},
  publisher={Springer}
}

@article{experimentalshor2001,
	title={Experimental realization of Shor's quantum factoring algorithm using nuclear magnetic resonance},
	author={Vandersypen, Leiven M.K. and Steffen, Matthias and Breyta, Gregory and Yannoni, Costantino S and Sherwood, Mark H and Chuang, Isaac L.},
	journal={Nature},
	year={2001}
}

@article{shor1999polynomial,
  title={Polynomial-time algorithms for prime factorization and discrete logarithms on a quantum computer},
  author={Shor, Peter W},
  journal={SIAM review},
  volume={41},
  number={2},
  pages={303--332},
  year={1999},
  publisher={SIAM}
}
