This file was created with JabRef 2.2.
Encoding: MacRoman

@article{chen2018quantum,
  title={Quantum algorithm for multivariate polynomial interpolation},
  author={Chen, Jianxin and Childs, Andrew M and Hung, Shih-Han},
  journal={Proceedings of the Royal Society A: Mathematical, Physical and Engineering Sciences},
  volume={474},
  number={2209},
  pages={20170480},
  year={2018},
  publisher={The Royal Society Publishing}
}

@book{macwilliamssloane,
  title={The theory of error-correcting codes},
  author={MacWilliams, Florence Jessie and Sloane, Neil James Alexander},
  volume={16},
  year={1977},
  publisher={Elsevier}
}

@misc{nielsenchuang,
  title={Quantum computation and quantum information},
  author={Nielsen, Michael A and Chuang, Isaac},
  year={2002},
  publisher={AAPT}
}


@inproceedings{barg1998quantum,
  title={A quantum decoding algorithm of the simplex code},
  author={Barg, Alexander and Zhou, Shiyu},
  booktitle={PROCEEDINGS OF THE ANNUAL ALLERTON CONFERENCE ON COMMUNICATION CONTROL AND COMPUTING},
  volume={36},
  pages={359--365},
  year={1998},
  organization={UNIVERSITY OF ILLINOIS}
}

